@Comment А вот так оформляется библиография при помощи BibTeX.


@book{bg98,
	author ={Богачев К.Ю},
	title={Практикум на ЭВМ. Методы приближения функций},
	year={1998},
}

@URL{ps2,
	title={PS/2 standart},
	url={[http://www.computer-engineering.org/ps2mouse/]}
	}

@article{vc85,
	author    = {Kenneth P. Fishkin and	Brian A. Barsky},
	title     = {Algorithms for brush movement},
	journal   = {The Visual Computer},
	volume    = {1},
	number    = {4},
	pages     = {221--230},
	year      = {1985},
	url       = {http://dx.doi.org/10.1007/BF02021811},
	doi       = {10.1007/BF02021811},
	timestamp = {Mon, 06 Jun 2011 16:00:23 +0200},
	biburl    = {http://dblp.uni-trier.de/rec/bib/journals/vc/FishkinB85},
	bibsource = {dblp computer science bibliography, http://dblp.org}
}

@inproceedings{cgim02,
	author = {Su, Sara L. and Xu, Ying-Qing and Shum, Heung-Yeung and Falai Chen},
	url = {http://people.csail.mit.edu/sarasu/pub/cgim02/},
	localfile = {papers/Su.2002.SAB.pdf},
	booktitle = {Proceedings of the 5th IASTED International Conference on
	Computer Graphics and Imaging (CGIM '02, Kauai, Hawaii, August
	2002)},
	title = {{S}imulating {A}rtistic {B}rushstrokes {U}sing {I}nterval {S}plines},
	year = {2002},
	pages = {85--90},
}


@book{comp07,
	author = {Özdemir, Hüseyin},
	title = {Comparison of linear , cubic spline and akima interpolation methods.},
	year = {2007},

}

@bool{aspline70,
	author = "Akima, Hiroshi",
	title = "A New Method of Interpolation and Smooth Curve Fitting Based on Local Procedures.",
	year = "1970"
}

@BOOK{bp04,
	AUTHOR="Erika Jansson",
	TITLE="Brush Painting Algorithms",
	YEAR="2004",
}